<record><leader>00000cas a2200000 a 4500</leader><controlfield tag="001">11805057</controlfield><controlfield tag="008">850314d18741875ksuwr ne      0   a0eng d</controlfield><datafield ind1=" " ind2=" " tag="010"><subfield code="a">sn 85029075 </subfield></datafield><datafield ind1=" " ind2=" " tag="040"><subfield code="a">KSH</subfield><subfield code="b">eng</subfield><subfield code="c">KSH</subfield><subfield code="d">NPT</subfield><subfield code="d">OCL</subfield><subfield code="d">OCLCQ</subfield></datafield><datafield ind1=" " ind2=" " tag="042"><subfield code="a">msc</subfield></datafield><datafield ind1="0" ind2="4" tag="245"><subfield code="a">The Grass hopper and new era.</subfield></datafield><datafield ind1="3" ind2="0" tag="246"><subfield code="a">Grasshopper and new era</subfield></datafield><datafield ind1=" " ind2=" " tag="260"><subfield code="a">Grasshopper Falls, Kan. :</subfield><subfield code="b">G.A. Huron,</subfield><subfield code="c">1874-1875.</subfield></datafield><datafield ind1=" " ind2=" " tag="300"><subfield code="a">1 v. ;</subfield><subfield code="c">63 cm.</subfield></datafield><datafield ind1=" " ind2=" " tag="310"><subfield code="a">Weekly</subfield></datafield><datafield ind1="0" ind2=" " tag="362"><subfield code="a">Vol. 2, no. 35 (Sept. 19, 1874)-v. 2, no. 47 (Dec. 12, 1874) ; Grasshopper, v. 2, no. 48 (Dec. 19, 1874)-v. 3, no. 6 (Feb. 27, 1875) = New era, v. 9, no. 46-v. 10, no. 4.</subfield></datafield><datafield ind1=" " ind2=" " tag="500"><subfield code="a">Includes section called: "Winchester news."</subfield></datafield><datafield ind1=" " ind2=" " tag="500"><subfield code="a">"Republican."</subfield></datafield><datafield ind1=" " ind2=" " tag="752"><subfield code="a">United States</subfield><subfield code="b">Kansas</subfield><subfield code="c">Jefferson</subfield><subfield code="d">Grasshopper Falls.</subfield></datafield><datafield ind1="0" ind2="4" tag="780"><subfield code="t">Grasshopper</subfield><subfield code="w">(DLC)sn 85029074</subfield></datafield><datafield ind1="0" ind2="4" tag="780"><subfield code="t">Kansas new era (Grasshopper Falls, Kan.)</subfield><subfield code="w">(DLC)sn 84027599</subfield></datafield><datafield ind1="0" ind2="0" tag="785"><subfield code="t">Kansas new era (Valley Falls, Kan.)</subfield><subfield code="w">(DLC)sn 85029121</subfield></datafield></record>